<collection xmlns="http://www.loc.gov/MARC21/slim">
<record>
  <leader>01772nam0a2200265 i 450 </leader>
  <controlfield tag="001">IT\ICCU\CNCE\033308</controlfield>
  <controlfield tag="005">20071130000000.0</controlfield>
  <datafield tag="012" ind1=" " ind2=" ">
    <subfield code="a">o,ia e.o. o.a- biDi (3) 1600 (R)</subfield>
    <subfield code="2">fei</subfield>
  </datafield>
  <datafield tag="100" ind1=" " ind2=" ">
    <subfield code="a">19971218d1600        0itac0103    ba</subfield>
  </datafield>
  <datafield tag="101" ind1=" " ind2=" ">
    <subfield code="a">ITA</subfield>
  </datafield>
  <datafield tag="102" ind1=" " ind2=" ">
    <subfield code="a">IT</subfield>
  </datafield>
  <datafield tag="200" ind1="1" ind2=" ">
    <subfield code="a">Libro nuouo nel qual s&apos;insegna il modo d&apos;ordinar banchetti, apparecchiar tauole, fornir palazzi, &amp; ornar camere per ogni gran principe. Et far d&apos;ogni sorte di viuanda secondo la diuersit ̉dei tempi, cosi di carne, come di pesce. Aggiuntoui di nuouo, il modo di saper tagliare ogni sorte di carne, &amp; vccellami, opera molto necessaria a maestri di casa, a scalchi, a credentieri, et a cuochi. Composta per m. Christofo o di Messisbugo, &amp; hora di nuouo corretta, &amp; ristampata</subfield>
  </datafield>
  <datafield tag="210" ind1=" " ind2=" ">
    <subfield code="a">In Venetia</subfield>
    <subfield code="c">appresso Lucio Spineda</subfield>
    <subfield code="d">1600</subfield>
  </datafield>
  <datafield tag="215" ind1=" " ind2=" ">
    <subfield code="a">115, \9! c.</subfield>
    <subfield code="d">8ʻ</subfield>
  </datafield>
  <datafield tag="620" ind1=" " ind2=" ">
    <subfield code="a">IT</subfield>
    <subfield code="d">Venezia</subfield>
  </datafield>
  <datafield tag="700" ind1=" " ind2="1">
    <subfield code="a">Messi Sbughi,</subfield>
    <subfield code="b">Cristoforo</subfield>
    <subfield code="3">IT\ICCU\CNCA\006974</subfield>
  </datafield>
  <datafield tag="712" ind1="0" ind2="0">
    <subfield code="a">Spineda, Lucio</subfield>
    <subfield code="3">IT\ICCU\CNCT\000864</subfield>
    <subfield code="4">650</subfield>
  </datafield>
  <datafield tag="790" ind1=" " ind2="0">
    <subfield code="a">Christoforo</subfield>
    <subfield code="c"> : di#Messisburgo</subfield>
    <subfield code="3">IT\ICCU\CNCA\013233</subfield>
    <subfield code="z">Messi Sbughi, Cristoforo</subfield>
  </datafield>
  <datafield tag="790" ind1=" " ind2="1">
    <subfield code="a">Messisbugo,</subfield>
    <subfield code="b">Christoforo di</subfield>
    <subfield code="3">IT\ICCU\CNCA\020610</subfield>
    <subfield code="z">Messi Sbughi, Cristoforo</subfield>
  </datafield>
  <datafield tag="801" ind1=" " ind2="3">
    <subfield code="a">IT</subfield>
    <subfield code="b">ICCU</subfield>
    <subfield code="c">20201114</subfield>
  </datafield>
  <datafield tag="899" ind1=" " ind2=" ">
    <subfield code="a">Biblioteca nazionale Sagarriga Visconti-Volpi. Bari</subfield>
    <subfield code="1">BA0018</subfield>
    <subfield code="2">BA1 BA</subfield>
  </datafield>
  <datafield tag="899" ind1=" " ind2=" ">
    <subfield code="a">Biblioteca comunale Francesco Antolisei. San Severino Marche</subfield>
    <subfield code="1">MC0075</subfield>
    <subfield code="2">UMC FA</subfield>
  </datafield>
  <datafield tag="899" ind1=" " ind2=" ">
    <subfield code="a">Biblioteca del Seminario Vescovile della Facolt ̉Teologica del Triveneto dell&apos;Istituto Filosofico Aloisianum. Padova</subfield>
    <subfield code="1">PD0073</subfield>
    <subfield code="2">PUV 01</subfield>
  </datafield>
  <datafield tag="899" ind1=" " ind2=" ">
    <subfield code="a">Biblioteca civica. Vercelli</subfield>
    <subfield code="1">VC0073</subfield>
    <subfield code="2">TO0 A2</subfield>
  </datafield>
  <datafield tag="921" ind1=" " ind2=" ">
    <subfield code="a">IT\ICCU\CNCM\000860</subfield>
    <subfield code="b">Umilt ̉(donna schiaccia con un piede un leone). In cornice figurata.</subfield>
    <subfield code="e">Sic omnia cedunt humilitati.</subfield>
    <subfield code="c">U10</subfield>
    <subfield code="d">Dimensioni: 3 x 2,2</subfield>
    <subfield code="f">DONNA</subfield>
    <subfield code="f">LEONE</subfield>
    <subfield code="f">UMILTA</subfield>
    <subfield code="f">SICOMNIACE</subfield>
    <subfield code="g">1586-1600</subfield>
  </datafield>
</record>
</collection>
